@misc{Camargo_2021,
    title={Calculo del Tamaño de la Muestra - Tamaño de la Población Desconocido},
    url={https://www.youtube.com/watch?v=ZGyDYOaLRVw&amp;t=1s&amp;ab_channel=IsaacEstebanCamargoFreile},
    journal={YouTube},
    publisher={YouTube},
    author={Camargo Freile, Isaac Esteban},
    year={2021},
    month={2}
}

@incollection{Martinez_2013,
    author = {Martínez, C.},
    title = {Estadística y muestreo},
    editor = {Ecoe Ediciones},
    chapter = {Conceptos generales},
    year = "2013",
}

@incollection{Posada_2016,
    author = {Posada, G.},
    title = {Elementos básicos de estadística descriptiva para el análisis de datos},
    editor = {Fondo Editorial Luis Amigó},
    chapter = {Conceptos Generales de Estadística},
    year = "2016",
}
@book{Garcia_2005,
    author = {Esteban García, Jesús},
    address = {Madrid},
    booktitle = {Estadística descriptiva y nociones de probabilidad},
    isbn = {84-9732-374-2},
    keywords = {Estadística matemática},
    language = {spa},
    publisher = {Thomson Paraninfo},
    title = {Estadística descriptiva y nociones de probabilidad },
    year = {2005},
}
@book{Saldivar_2008,
  title={Estad{\'\i}stica descriptiva},
  author={Sald{\'\i}var, S.M. and Instituto Politecnico Nacional (M{\'e}xico) Direcci{\'o}n de Publicaciones},
  isbn={9789703604159},
  url={https://books.google.cl/books?id=imeZYgEACAAJ},
  year={2008},
  publisher={IPN, Direcci{\'o}n de Publicaciones}
}

@book{Montero_2007,
    title={Estad{\'\i}stica descriptiva},
    author={MONTERO LORENZO, J.M.},
    isbn={9788497325141},
    url={https://books.google.cl/books?id=D6sj2d0xTgUC},
    year={2007},
    publisher={Ediciones Paraninfo, S.A}
}
@book{Churchill_2003,
    title={Investigación de Mercados},
    publisher={Cengage Learning},
    author={Churchill, G.A.},
    year={2003},
    url={https://link.gale.com/apps/doc/CX4058900232/GVRL?u=unad&sid=bookmark-GVRL&xid=d3719bec}
}